@inproceedings{reppy1993concurrent,
  title={Concurrent ML: Design, application and semantics},
  author={Reppy, John H},
  booktitle={Functional Programming, Concurrency, Simulation and Automated Reasoning},
  pages={165--198},
  year={1993},
  organization={Springer}
}

@INPROCEEDINGS{dietz1997use,
  title={The use of feedback in scheduling parallel computations},
  author={Dietz, Richard D and Casavant, Thomas L and Andersland, Mark S and Braun, Terry A and Scheetz, Todd E},
  booktitle={Parallel Algorithms/Architecture Synthesis, 1997. Proceedings., Second Aizu International Symposium},
  pages={124--132},
  year={1997},
  organization={IEEE}
}

@article{debattista2002cache,
  title={Cache-affinity scheduling for fine grain multithreading},
  author={Debattista, Kurt and Vella, Kevin and Cordina, Joseph},
  journal={Communicating Process Architectures},
  volume={2002},
  pages={135--146},
  year={2002}
}

@article{white2012automated,
  title={Automated heap sizing in the poly/ML runtime},
  author={White, David R and Singer, Jeremy and Aitken, Jonathan M and Matthews, David},
  journal={Trends in Functional Programming},
  year={2012}
}

@article{ritson2012multicore,
  title={Multicore scheduling for lightweight communicating processes},
  author={Ritson, Carl G and Sampson, Adam T and Barnes, Frederick RM},
  journal={Science of Computer Programming},
  volume={77},
  number={6},
  pages={727--740},
  year={2012},
  publisher={Elsevier}
}
