@article{xue2002dhw,
  title={{On the Dependence of Handwritten Word Recognizers on Lexicons}},
  author={Xue, H. and Govindaraju, V.},
  journal={IEEE Transactions on Pattern Analysis and Machine Intelligence},
  pages={1553--1564},
  year={2002},
  publisher={IEEE Computer Society}
}


@article{chan2000esa,
  title={{An efficient syntactic approach to structural analysis of on-line handwritten mathematical expressions}},
  author={Chan, K.F. and Yeung, D.Y.},
  journal={Pattern Recognition},
  volume={33},
  number={3},
  pages={375--384},
  year={2000},
  publisher={Elsevier}
}


@article{chan2000mer,
  title={{Mathematical expression recognition: a survey}},
  author={Chan, K.F. and Yeung, D.Y.},
  journal={International Journal on Document Analysis and Recognition},
  volume={3},
  number={1},
  pages={3--15},
  year={2000},
  publisher={Springer}
}

@article{garain2004roh,
  title={{Recognition of Online Handwritten Mathematical Expressions}},
  author={Garain, U. and Chaudhuri, BB},
  journal={IEEE Transactions on Systems, Man, and Cybernetics, Part B: Cybernetics},
  volume={34},
  number={6},
  pages={2366--2376},
  year={2004}
}

@article{chen2000sso,
  title={{Segmentation of Single-or Multiple-Touching Handwritten Numeral String Using Background and Foreground Analysis}},
  author={Chen, Y.K. and Wang, J.F.},
  journal={IEEE Transactions on Pattern Analysis and Machine Intelligence},
  pages={1304--1317},
  year={2000},
  publisher={IEEE Computer Society}
}


@article{madhvanath1999ccp,
  title={{Chaincode Contour Processing for Handwritten Word Recognition}},
  author={Madhvanath, S. and Kim, G. and Govindaraju, V.},
  journal={IEEE Transactions on Pattern Analysis and Machine Intelligence},
  pages={928--932},
  year={1999},
  publisher={IEEE Computer Society}
}


@article{liu2002lds,
  title={{Lexicon-Driven Segmentation and Recognition of Handwritten Character Strings for Japanese Address Reading}},
  author={Liu, C.L. and Koga, M. and Fujisawa, H.},
  journal={IEEE Transactions on Pattern Analysis and Machine Intelligence},
  pages={1425--1437},
  year={2002},
  publisher={IEEE Computer Society}
}


@article{lu1995mpc,
  title={{Machine printed character segmentation-; An overview}},
  author={Lu, Y.},
  journal={Pattern Recognition},
  volume={28},
  number={1},
  pages={67--80},
  year={1995},
  publisher={Elsevier}
}

@article{okamoto1999stc,
  title={{Segmentation of Touching Characters in Formulas}},
  author={Okamoto, M. and Sakaguchi, S. and Suzuki, T.},
  journal={Lecture Notes on Computer Science},
  pages={151--156},
  year={1999},
  publisher={Springer}
}

@article{blostein2001rmn,
  title={{Recognition of Mathematical Notation}},
  author={Blostein, D. and Grbavec, A.},
  journal={Handbook of Character Recognition and Document Image Analysis},
  pages={557--582},
  year={2001}
}

@article{arica2002ocr,
  title={{Optical Character Recognition for Cursive Handwriting}},
  author={Arica, N. and Yarman-Vural, F.T.},
  journal={IEEE Transactions on Pattern Analysis and Machine Intelligence},
  pages={801--813},
  year={2002},
  publisher={IEEE Computer Society}
}

@article{gyeonghwan1997lda,
  title={{A Lexicon Driven Approach to Handwritten Word Recognition for Real-Time Applications}},
  author={Gyeonghwan, K. and Govindraju, V},
  journal={IEEE Transactions on Pattern Analysis and Machine Intelligence},
  pages={366--379},
  year={1997},
  publisher={IEEE Computer Society}
}

@article{sin1997lmo,
  title={{Ligature modeling for online cursive script recognition}},
  author={Sin, B.K. and Kim, JH},
  journal={Pattern Analysis and Machine Intelligence, IEEE Transactions on},
  volume={19},
  number={6},
  pages={623--633},
  year={1997}
}

@conference{tian2007stc,
  title={{Segmentation of Touching Characters in Mathematical Expressions Using Contour Feature Technique}},
  author={Tian, X. and Zhang, Y.},
  booktitle={Software Engineering, Artificial Intelligence, Networking, and Parallel/Distributed Computing, 2007. SNPD 2007. Eighth ACIS International Conference on},
  volume={1},
  year={2007}
}

@conference{yamamoto2006lrh,
  title={{On-Line Recognition of Handwritten Mathematical Expressions Based on Stroke-Based Stochastic Context-Free Grammar}},
  author={Yamamoto, R. and Sako, S. and Nishimoto, T. and Sagayama, S.},
  booktitle={International Workshop on Frontiers in Handwriting Recognition. IEEE Computer Society},
  pages={249--254},
  year={2006}
}

@article{casey1996sma,
  title={{A survey of methods and strategies in character segmentation}},
  author={Casey, RG and Lecolinet, E. and Center, I.B.M.A.R. and San Jose, CA},
  journal={IEEE Transactions on Pattern Analysis and Machine Intelligence},
  volume={18},
  number={7},
  pages={690--706},
  year={1996}
}


@conference{twaakyondo1995saa,
  title={{Structure analysis and recognition of mathematical expressions}},
  author={Twaakyondo, HM and Okamoto, M.},
  booktitle={Document Analysis and Recognition, 1995., Proceedings of the Third International Conference on},
  volume={1},
  year={1995}
}


@article{duetrier1996fem,
  title={{Feature extraction methods for character recognition-A survey}},
  author={Due Trier, {\O}. and Jain, A.K. and Taxt, T.},
  journal={Pattern Recognition},
  volume={29},
  number={4},
  pages={641--662},
  year={1996},
  publisher={Elsevier}

}

@article{uchida2005qam,
  title={{Quantitative analysis of mathematical documents}},
  author={Uchida, S. and Nomura, A. and Suzuki, M.},
  journal={International Journal on Document Analysis and Recognition},
  volume={7},
  number={4},
  pages={211--218},
  year={2005},
  publisher={Springer}
}


@article{jcai1999issi,
  title={{Integration of Structural and Statistical Information for Unconstrained Handwritten Numeral Recognition}},
  author={Jinhai Cai, Zhi-Qiang Liu},
  journal={IEEE Transactions on Pattern Analysis and Machine Intelligence},
  volume={21},
  number={3},
  pages={263--270},
  year={1999}
}


@article{CaseyLecolinet1996,
title={{A Survey of Methods and Strategies in Character Segmentation}},
author={Richard G. Casey, Eric Lecolinet},
journal={IEEE Transactions on Pattern Analysis and Machine Intelligence},
volume={18},
number={7},
pages={690--706},
year={1996}
}
