@inproceedings{reppy1993concurrent,
  title={Concurrent ML: Design, application and semantics},
  author={Reppy, John H},
  booktitle={Functional Programming, Concurrency, Simulation and Automated Reasoning},
  pages={165--198},
  year={1993},
  organization={Springer}
}

@INPROCEEDINGS{dietz1997use,
  title={The use of feedback in scheduling parallel computations},
  author={Dietz, Richard D and Casavant, Thomas L and Andersland, Mark S and Braun, Terry A and Scheetz, Todd E},
  booktitle={Parallel Algorithms/Architecture Synthesis, 1997. Proceedings., Second Aizu International Symposium},
  pages={124--132},
  year={1997},
  organization={IEEE}
}

@article{debattista2002cache,
  title={Cache-affinity scheduling for fine grain multithreading},
  author={Debattista, Kurt and Vella, Kevin and Cordina, Joseph},
  journal={Communicating Process Architectures},
  volume={2002},
  pages={135--146},
  year={2002}
}

@article{white2012automated,
  title={Automated heap sizing in the poly/ML runtime},
  author={White, David R and Singer, Jeremy and Aitken, Jonathan M and Matthews, David},
  journal={Trends in Functional Programming},
  year={2012}
}

@article{agrawal2008adaptive,
  title={Adaptive work-stealing with parallelism feedback},
  author={Agrawal, Kunal and Leiserson, Charles E and He, Yuxiong and Hsu, Wen Jing},
  journal={ACM Transactions on Computer Systems (TOCS)},
  volume={26},
  number={3},
  pages={7},
  year={2008},
  publisher={ACM}
}

@article{he2008provably,
  title={Provably efficient online nonclairvoyant adaptive scheduling},
  author={He, Yuxiong and Hsu, Wen-Jing and Leiserson, Charles E},
  journal={Parallel and Distributed Systems, IEEE Transactions on},
  volume={19},
  number={9},
  pages={1263--1279},
  year={2008},
  publisher={IEEE}
}

@article{ritson2012multicore,
  title={Multicore scheduling for lightweight communicating processes},
  author={Ritson, Carl G and Sampson, Adam T and Barnes, Frederick RM},
  journal={Science of Computer Programming},
  volume={77},
  number={6},
  pages={727--740},
  year={2012},
  publisher={Elsevier}
}

@book{bruno1976computer,
  title={Computer and job-shop scheduling theory},
  author={Bruno, John L and Coffman, Edward Grady and Graham, RL and Kohler, WH and Sechi, R and Steiglitz, K and Ullman, JD},
  year={1976},
  publisher={Wiley}
}

@inproceedings{palamidessi1997comparing,
  title={Comparing the expressive power of the synchronous and the asynchronous $\Pi$-calculus},
  author={Palamidessi, Catuscia},
  booktitle={Proceedings of the 24th ACM SIGPLAN-SIGACT symposium on Principles of programming languages},
  pages={256--265},
  year={1997},
  organization={ACM}
}

@article{casavant1988taxonomy,
  title={A taxonomy of scheduling in general-purpose distributed computing systems},
  author={Casavant, Thomas L. and Kuhl, Jon G.},
  journal={Software Engineering, IEEE Transactions on},
  volume={14},
  number={2},
  pages={141--154},
  year={1988},
  publisher={IEEE}
}

@article{garey1978performance,
  title={Performance guarantees for scheduling algorithms},
  author={Garey, Michael R and Graham, Ronald L and Johnson, DS},
  journal={Operations Research},
  volume={26},
  number={1},
  pages={3--21},
  year={1978},
  publisher={INFORMS}
}

@book{milner1982calculus,
  title={A calculus of communicating systems},
  author={Milner, Robin},
  year={1982},
  publisher={Springer-Verlag New York, Inc.}
}

@article{abeliovich2005empirical,
  title={An empirical extremum principle for the hill coefficient in ligand-protein interactions showing negative cooperativity},
  author={Abeliovich, Hagai},
  journal={Biophysical journal},
  volume={89},
  number={1},
  pages={76--79},
  year={2005},
  publisher={Elsevier}
}

@inproceedings{jones2009parallel,
  title={Parallel performance tuning for Haskell},
  author={Jones Jr, Don and Marlow, Simon and Singh, Satnam},
  booktitle={Proceedings of the 2nd ACM SIGPLAN symposium on Haskell},
  pages={81--92},
  year={2009},
  organization={ACM}
}

@article{markatos1991load,
  title={Load balancing vs. locality management in shared-memory multiprocessors},
  author={Markatos, Evangelos P and LeBlanc, Thomas J},
  year={1991},
  publisher={University of Rochester}
}

@article{markatos1991memory,
  title={Memory-Conscious Scheduling in Shared-Memory Multiprocessors},
  author={Markatos, Evangelos P and LeBlanc, Thomas J},
  journal={Computer Science Dept., University of Rochester},
  year={1991}
}

@inproceedings{corbato1962experimental,
  title={An experimental time-sharing system},
  author={Corbat{\'o}, Fernando J and Merwin-Daggett, Marjorie and Daley, Robert C},
  booktitle={Proceedings of the May 1-3, 1962, spring joint computer conference},
  pages={335--344},
  year={1962},
  organization={ACM}
}

@Book{ArpaciDusseau14Book,
  author =       {Remzi H. Arpaci-Dusseau and Andrea C. Arpaci-Dusseau},
  title =        "{Operating Systems: Three Easy Pieces}",
  publisher =    {Arpaci-Dusseau Books},
  month =        "May",
  year =         {2014},
  edition =      {0.80},
}

@article{hoganson2009reducing,
  title={Reducing MLFQ scheduling starvation with feedback and exponential averaging},
  author={Hoganson, Kenneth},
  journal={Journal of Computing Sciences in Colleges},
  volume={25},
  number={2},
  pages={196--202},
  year={2009},
  publisher={Consortium for Computing Sciences in Colleges}
}

@article{saeidi2012determining,
  title={Determining the Optimum Time Quantum Value in Round Robin Process Scheduling Method},
  author={Saeidi, Shahram and Baktash, Hakimeh Alemi},
  journal={International Journal of Information Technology and Computer Science (IJITCS)},
  volume={4},
  number={10},
  pages={67},
  year={2012}
}

@article{mostafa2010finding,
  title={Finding time quantum of round robin CPU scheduling algorithm in general computing systems using integer programming},
  author={Mostafa, Samih M and Rida, SZ and Hamad, Safwat H},
  journal={International Journal of Research and Reviews in Applied Sciences (IJRRAS)},
  volume={5},
  number={1},
  pages={64--71},
  year={2010}
}

@inproceedings{alam2008finding,
  title={Finding time quantum of round robin cpu scheduling algorithm using fuzzy logic},
  author={Alam, Bashir and Doja, MN and Biswas, R},
  booktitle={Computer and Electrical Engineering, 2008. ICCEE 2008. International Conference on},
  pages={795--798},
  year={2008},
  organization={IEEE}
}

